@inproceedings{DBLP:conf/sigmod/SearsR12,
	author       = {Russell Sears and
	Raghu Ramakrishnan},
	editor       = {K. Sel{\c{c}}uk Candan and
	Yi Chen and
	Richard T. Snodgrass and
	Luis Gravano and
	Ariel Fuxman},
	title        = {bLSM: a general purpose log structured merge tree},
	booktitle    = {Proceedings of the {ACM} {SIGMOD} International Conference on Management
	of Data, {SIGMOD} 2012, Scottsdale, AZ, USA, May 20-24, 2012},
	pages        = {217--228},
	publisher    = {{ACM}},
	year         = {2012},
	url          = {https://doi.org/10.1145/2213836.2213862},
	doi          = {10.1145/2213836.2213862},
	timestamp    = {Mon, 06 May 2024 08:27:40 +0200},
	biburl       = {https://dblp.org/rec/conf/sigmod/SearsR12.bib},
	bibsource    = {dblp computer science bibliography, https://dblp.org}
}

@inproceedings{DBLP:conf/sigmod/DayanAI17,
	author       = {Niv Dayan and
	Manos Athanassoulis and
	Stratos Idreos},
	editor       = {Semih Salihoglu and
	Wenchao Zhou and
	Rada Chirkova and
	Jun Yang and
	Dan Suciu},
	title        = {Monkey: Optimal Navigable Key-Value Store},
	booktitle    = {Proceedings of the 2017 {ACM} International Conference on Management
	of Data, {SIGMOD} Conference 2017, Chicago, IL, USA, May 14-19, 2017},
	pages        = {79--94},
	publisher    = {{ACM}},
	year         = {2017},
	url          = {https://doi.org/10.1145/3035918.3064054},
	doi          = {10.1145/3035918.3064054},
	timestamp    = {Thu, 14 Oct 2021 10:11:38 +0200},
	biburl       = {https://dblp.org/rec/conf/sigmod/DayanAI17.bib},
	bibsource    = {dblp computer science bibliography, https://dblp.org}
}

@inproceedings{DBLP:conf/sosp/RajuKCA17,
	author       = {Pandian Raju and
	Rohan Kadekodi and
	Vijay Chidambaram and
	Ittai Abraham},
	title        = {PebblesDB: Building Key-Value Stores using Fragmented Log-Structured
	Merge Trees},
	booktitle    = {Proceedings of the 26th Symposium on Operating Systems Principles,
	Shanghai, China, October 28-31, 2017},
	pages        = {497--514},
	publisher    = {{ACM}},
	year         = {2017},
	url          = {https://doi.org/10.1145/3132747.3132765},
	doi          = {10.1145/3132747.3132765},
	timestamp    = {Thu, 14 Oct 2021 09:59:36 +0200},
	biburl       = {https://dblp.org/rec/conf/sosp/RajuKCA17.bib},
	bibsource    = {dblp computer science bibliography, https://dblp.org}
}

@inproceedings{DBLP:conf/sigmod/DayanI18,
	author       = {Niv Dayan and
	Stratos Idreos},
	editor       = {Gautam Das and
	Christopher M. Jermaine and
	Philip A. Bernstein},
	title        = {Dostoevsky: Better Space-Time Trade-Offs for LSM-Tree Based Key-Value
	Stores via Adaptive Removal of Superfluous Merging},
	booktitle    = {Proceedings of the 2018 International Conference on Management of
	Data, {SIGMOD} Conference 2018, Houston, TX, USA, June 10-15, 2018},
	pages        = {505--520},
	publisher    = {{ACM}},
	year         = {2018},
	url          = {https://doi.org/10.1145/3183713.3196927},
	doi          = {10.1145/3183713.3196927},
	timestamp    = {Wed, 21 Nov 2018 12:44:08 +0100},
	biburl       = {https://dblp.org/rec/conf/sigmod/DayanI18.bib},
	bibsource    = {dblp computer science bibliography, https://dblp.org}
}

@inproceedings{DBLP:conf/sigmod/SarkarPSA20,
	author       = {Subhadeep Sarkar and
	Tarikul Islam Papon and
	Dimitris Staratzis and
	Manos Athanassoulis},
	editor       = {David Maier and
	Rachel Pottinger and
	AnHai Doan and
	Wang{-}Chiew Tan and
	Abdussalam Alawini and
	Hung Q. Ngo},
	title        = {Lethe: {A} Tunable Delete-Aware {LSM} Engine},
	booktitle    = {Proceedings of the 2020 International Conference on Management of
	Data, {SIGMOD} Conference 2020, online conference [Portland, OR, USA],
	June 14-19, 2020},
	pages        = {893--908},
	publisher    = {{ACM}},
	year         = {2020},
	url          = {https://doi.org/10.1145/3318464.3389757},
	doi          = {10.1145/3318464.3389757},
	timestamp    = {Sat, 30 Sep 2023 09:56:35 +0200},
	biburl       = {https://dblp.org/rec/conf/sigmod/SarkarPSA20.bib},
	bibsource    = {dblp computer science bibliography, https://dblp.org}
}

@article{DBLP:journals/tpds/LuZWFZD22,
	author       = {Kai Lu and
	Nannan Zhao and
	Jiguang Wan and
	Changhong Fei and
	Wei Zhao and
	Tongliang Deng},
	title        = {TridentKV: {A} Read-Optimized LSM-Tree Based {KV} Store via Adaptive
	Indexing and Space-Efficient Partitioning},
	journal      = {{IEEE} Trans. Parallel Distributed Syst.},
	volume       = {33},
	number       = {8},
	pages        = {1953--1966},
	year         = {2022},
	url          = {https://doi.org/10.1109/TPDS.2021.3118599},
	doi          = {10.1109/TPDS.2021.3118599},
	timestamp    = {Fri, 21 Jan 2022 22:00:53 +0100},
	biburl       = {https://dblp.org/rec/journals/tpds/LuZWFZD22.bib},
	bibsource    = {dblp computer science bibliography, https://dblp.org}
}

@inproceedings{DBLP:conf/sigmod/SarkarCZA22,
	author       = {Subhadeep Sarkar and
	Kaijie Chen and
	Zichen Zhu and
	Manos Athanassoulis},
	editor       = {Zachary G. Ives and
	Angela Bonifati and
	Amr El Abbadi},
	title        = {Compactionary: {A} Dictionary for {LSM} Compactions},
	booktitle    = {{SIGMOD} '22: International Conference on Management of Data, Philadelphia,
	PA, USA, June 12 - 17, 2022},
	pages        = {2429--2432},
	publisher    = {{ACM}},
	year         = {2022},
	url          = {https://doi.org/10.1145/3514221.3520169},
	doi          = {10.1145/3514221.3520169},
	timestamp    = {Sat, 30 Sep 2023 09:56:35 +0200},
	biburl       = {https://dblp.org/rec/conf/sigmod/SarkarCZA22.bib},
	bibsource    = {dblp computer science bibliography, https://dblp.org}
}

@inproceedings{DBLP:conf/hpdc/LiuJWLCY23,
	author       = {Ruicheng Liu and
	Peiquan Jin and
	Xiaoliang Wang and
	Yongping Luo and
	Zhaole Chu and
	Yigui Yuan},
	editor       = {Ali Raza Butt and
	Ningfang Mi and
	Kyle Chard},
	title        = {Closing the Performance Gap between Leveling and Tiering Compaction
	via Bundle Compaction},
	booktitle    = {Proceedings of the 32nd International Symposium on High-Performance
	Parallel and Distributed Computing, {HPDC} 2023, Orlando, FL, USA,
	June 16-23, 2023},
	pages        = {143--154},
	publisher    = {{ACM}},
	year         = {2023},
	url          = {https://doi.org/10.1145/3588195.3592982},
	doi          = {10.1145/3588195.3592982},
	timestamp    = {Thu, 31 Aug 2023 19:50:41 +0200},
	biburl       = {https://dblp.org/rec/conf/hpdc/LiuJWLCY23.bib},
	bibsource    = {dblp computer science bibliography, https://dblp.org}
}

@article{DBLP:journals/pacmmod/WangGYZ24,
	author       = {Hengrui Wang and
	Te Guo and
	Junzhao Yang and
	Huanchen Zhang},
	title        = {{GRF:} {A} Global Range Filter for LSM-Trees with Shape Encoding},
	journal      = {Proc. {ACM} Manag. Data},
	volume       = {2},
	number       = {3},
	pages        = {141},
	year         = {2024},
	url          = {https://doi.org/10.1145/3654944},
	doi          = {10.1145/3654944},
	timestamp    = {Thu, 27 Mar 2025 15:41:37 +0100},
	biburl       = {https://dblp.org/rec/journals/pacmmod/WangGYZ24.bib},
	bibsource    = {dblp computer science bibliography, https://dblp.org}
}

@article{DBLP:journals/pacmmod/ZhongCWE25,
	author       = {Wenshao Zhong and
	Chen Chen and
	Xingbo Wu and
	Jakob Eriksson},
	title        = {Disco: {A} Compact Index for LSM-trees},
	journal      = {Proc. {ACM} Manag. Data},
	volume       = {3},
	number       = {1},
	pages        = {33:1--33:27},
	year         = {2025},
	url          = {https://doi.org/10.1145/3709683},
	doi          = {10.1145/3709683},
	timestamp    = {Tue, 08 Apr 2025 20:24:31 +0200},
	biburl       = {https://dblp.org/rec/journals/pacmmod/ZhongCWE25.bib},
	bibsource    = {dblp computer science bibliography, https://dblp.org}
}

@article{DBLP:journals/vldb/LuoC20,
	author       = {Chen Luo and
	Michael J. Carey},
	title        = {LSM-based storage techniques: a survey},
	journal      = {{VLDB} J.},
	volume       = {29},
	number       = {1},
	pages        = {393--418},
	year         = {2020},
	url          = {https://doi.org/10.1007/s00778-019-00555-y},
	doi          = {10.1007/S00778-019-00555-Y},
	timestamp    = {Sun, 19 Jan 2025 14:44:08 +0100},
	biburl       = {https://dblp.org/rec/journals/vldb/LuoC20.bib},
	bibsource    = {dblp computer science bibliography, https://dblp.org}
}

@article{DBLP:journals/pvldb/SarkarSZA21,
	author       = {Subhadeep Sarkar and
	Dimitris Staratzis and
	Zichen Zhu and
	Manos Athanassoulis},
	title        = {Constructing and Analyzing the {LSM} Compaction Design Space},
	journal      = {Proc. {VLDB} Endow.},
	volume       = {14},
	number       = {11},
	pages        = {2216--2229},
	year         = {2021},
	url          = {http://www.vldb.org/pvldb/vol14/p2216-sarkar.pdf},
	doi          = {10.14778/3476249.3476274},
	timestamp    = {Sat, 30 Sep 2023 10:24:10 +0200},
	biburl       = {https://dblp.org/rec/journals/pvldb/SarkarSZA21.bib},
	bibsource    = {dblp computer science bibliography, https://dblp.org}
}


@inproceedings{DBLP:conf/cluster/XuZWLCZALTX21,
	author       = {Peng Xu and
	Nannan Zhao and
	Jiguang Wan and
	Wei Liu and
	Shuning Chen and
	Yuanhui Zhou and
	Hadeel Albahar and
	Hanyang Liu and
	Liu Tang and
	Changsheng Xie},
	title        = {Building {A} Fast and Efficient LSM-tree Store by Integrating Local
	Storage with Cloud Storage},
	booktitle    = {{IEEE} International Conference on Cluster Computing, {CLUSTER} 2021,
	Portland, OR, USA, September 7-10, 2021},
	pages        = {125--134},
	publisher    = {{IEEE}},
	year         = {2021},
	url          = {https://doi.org/10.1109/Cluster48925.2021.00032},
	doi          = {10.1109/CLUSTER48925.2021.00032},
	timestamp    = {Sun, 04 Aug 2024 19:42:34 +0200},
	biburl       = {https://dblp.org/rec/conf/cluster/XuZWLCZALTX21.bib},
	bibsource    = {dblp computer science bibliography, https://dblp.org}
}


@inproceedings{DBLP:conf/sigmod/HuangG21,
	author       = {Haoyu Huang and
	Shahram Ghandeharizadeh},
	editor       = {Guoliang Li and
	Zhanhuai Li and
	Stratos Idreos and
	Divesh Srivastava},
	title        = {Nova-LSM: {A} Distributed, Component-based LSM-tree Key-value Store},
	booktitle    = {{SIGMOD} '21: International Conference on Management of Data, Virtual
	Event, China, June 20-25, 2021},
	pages        = {749--763},
	publisher    = {{ACM}},
	year         = {2021},
	url          = {https://doi.org/10.1145/3448016.3457297},
	doi          = {10.1145/3448016.3457297},
	timestamp    = {Sun, 19 Jan 2025 13:27:28 +0100},
	biburl       = {https://dblp.org/rec/conf/sigmod/HuangG21.bib},
	bibsource    = {dblp computer science bibliography, https://dblp.org}
}


@inproceedings{DBLP:conf/usenix/ZhouZCXWWLZW23,
	author       = {Yuanhui Zhou and
	Jian Zhou and
	Shuning Chen and
	Peng Xu and
	Peng Wu and
	Yanguang Wang and
	Xian Liu and
	Ling Zhan and
	Jiguang Wan},
	editor       = {Julia Lawall and
	Dan Williams},
	title        = {Calcspar: {A} Contract-Aware {LSM} Store for Cloud Storage with Low
	Latency Spikes},
	booktitle    = {Proceedings of the 2023 {USENIX} Annual Technical Conference, {USENIX}
	{ATC} 2023, Boston, MA, USA, July 10-12, 2023},
	pages        = {451--465},
	publisher    = {{USENIX} Association},
	year         = {2023},
	url          = {https://www.usenix.org/conference/atc23/presentation/zhou},
	timestamp    = {Tue, 16 Jul 2024 09:12:32 +0200},
	biburl       = {https://dblp.org/rec/conf/usenix/ZhouZCXWWLZW23.bib},
	bibsource    = {dblp computer science bibliography, https://dblp.org}
}

@inproceedings{DBLP:conf/fast/RenR0HLL24,
	author       = {Yanjing Ren and
	Yuanming Ren and
	Xiaolu Li and
	Yuchong Hu and
	Jingwei Li and
	Patrick P. C. Lee},
	editor       = {Xiaosong Ma and
	Youjip Won},
	title        = {{ELECT:} Enabling Erasure Coding Tiering for LSM-tree-based Storage},
	booktitle    = {22nd {USENIX} Conference on File and Storage Technologies, {FAST}
	2024, Santa Clara, CA, USA, February 27-29, 2024},
	pages        = {293--310},
	publisher    = {{USENIX} Association},
	year         = {2024},
	url          = {https://www.usenix.org/conference/fast24/presentation/ren},
	timestamp    = {Thu, 01 Aug 2024 07:59:28 +0200},
	biburl       = {https://dblp.org/rec/conf/fast/RenR0HLL24.bib},
	bibsource    = {dblp computer science bibliography, https://dblp.org}
}

@article{DBLP:journals/pacmmod/YuGZTW024,
	author       = {Qiaolin Yu and
	Chang Guo and
	Jay Zhuang and
	Viraj Thakkar and
	Jianguo Wang and
	Zhichao Cao},
	title        = {CaaS-LSM: Compaction-as-a-Service for LSM-based Key-Value Stores in
	Storage Disaggregated Infrastructure},
	journal      = {Proc. {ACM} Manag. Data},
	volume       = {2},
	number       = {3},
	pages        = {124},
	year         = {2024},
	url          = {https://doi.org/10.1145/3654927},
	doi          = {10.1145/3654927},
	timestamp    = {Fri, 19 Jul 2024 23:17:57 +0200},
	biburl       = {https://dblp.org/rec/journals/pacmmod/YuGZTW024.bib},
	bibsource    = {dblp computer science bibliography, https://dblp.org}
}

@article{DBLP:journals/pacmmod/MoCLS23,
	author       = {Dingheng Mo and
	Fanchao Chen and
	Siqiang Luo and
	Caihua Shan},
	title        = {Learning to Optimize LSM-trees: Towards {A} Reinforcement Learning
	based Key-Value Store for Dynamic Workloads},
	journal      = {Proc. {ACM} Manag. Data},
	volume       = {1},
	number       = {3},
	pages        = {213:1--213:25},
	year         = {2023},
	url          = {https://doi.org/10.1145/3617333},
	doi          = {10.1145/3617333},
	timestamp    = {Sat, 13 Jan 2024 17:37:15 +0100},
	biburl       = {https://dblp.org/rec/journals/pacmmod/MoCLS23.bib},
	bibsource    = {dblp computer science bibliography, https://dblp.org}
}


@article{DBLP:journals/pacmmod/LiuWML24,
	author       = {Junfeng Liu and
	Fan Wang and
	Dingheng Mo and
	Siqiang Luo},
	title        = {Structural Designs Meet Optimality: Exploring Optimized LSM-tree Structures
	in a Colossal Configuration Space},
	journal      = {Proc. {ACM} Manag. Data},
	volume       = {2},
	number       = {3},
	pages        = {175},
	year         = {2024},
	url          = {https://doi.org/10.1145/3654978},
	doi          = {10.1145/3654978},
	timestamp    = {Wed, 19 Mar 2025 21:16:37 +0100},
	biburl       = {https://dblp.org/rec/journals/pacmmod/LiuWML24.bib},
	bibsource    = {dblp computer science bibliography, https://dblp.org}
}

@article{DBLP:journals/pacmmod/YuLYC24,
	author       = {Weiping Yu and
	Siqiang Luo and
	Zihao Yu and
	Gao Cong},
	title        = {{CAMAL:} Optimizing LSM-trees via Active Learning},
	journal      = {Proc. {ACM} Manag. Data},
	volume       = {2},
	number       = {4},
	pages        = {202:1--202:26},
	year         = {2024},
	url          = {https://doi.org/10.1145/3677138},
	doi          = {10.1145/3677138},
	timestamp    = {Wed, 06 Nov 2024 22:18:39 +0100},
	biburl       = {https://dblp.org/rec/journals/pacmmod/YuLYC24.bib},
	bibsource    = {dblp computer science bibliography, https://dblp.org}
}

@inproceedings{DBLP:conf/fast/LuPAA16,
	author       = {Lanyue Lu and
	Thanumalayan Sankaranarayana Pillai and
	Andrea C. Arpaci{-}Dusseau and
	Remzi H. Arpaci{-}Dusseau},
	editor       = {Angela Demke Brown and
	Florentina I. Popovici},
	title        = {WiscKey: Separating Keys from Values in SSD-conscious Storage},
	booktitle    = {14th {USENIX} Conference on File and Storage Technologies, {FAST}
	2016, Santa Clara, CA, USA, February 22-25, 2016},
	pages        = {133--148},
	publisher    = {{USENIX} Association},
	year         = {2016},
	url          = {https://www.usenix.org/conference/fast16/technical-sessions/presentation/lu},
	timestamp    = {Tue, 02 Feb 2021 08:06:35 +0100},
	biburl       = {https://dblp.org/rec/conf/fast/LuPAA16.bib},
	bibsource    = {dblp computer science bibliography, https://dblp.org}
}

@inproceedings{DBLP:conf/fast/DuanFLL0L25,
	author       = {Zhuohui Duan and
	Hao Feng and
	Haikun Liu and
	Xiaofei Liao and
	Hai Jin and
	Bangyu Li},
	editor       = {Haryadi S. Gunawi and
	Vasily Tarasov},
	title        = {AegonKV: {A} High Bandwidth, Low Tail Latency, and Low Storage Cost
	KV-Separated {LSM} Store with SmartSSD-based {GC} Offloading},
	booktitle    = {23rd {USENIX} Conference on File and Storage Technologies, {FAST}
	2025, Santa Clara, CA, February 25-27, 2025},
	pages        = {321--335},
	publisher    = {{USENIX} Association},
	year         = {2025},
	url          = {https://www.usenix.org/conference/fast25/presentation/duan},
	timestamp    = {Fri, 07 Mar 2025 17:04:32 +0100},
	biburl       = {https://dblp.org/rec/conf/fast/DuanFLL0L25.bib},
	bibsource    = {dblp computer science bibliography, https://dblp.org}
}

@inproceedings{DBLP:conf/usenix/LiLLWXWTLC21,
	author       = {Yongkun Li and
	Zhen Liu and
	Patrick P. C. Lee and
	Jiayu Wu and
	Yinlong Xu and
	Yi Wu and
	Liu Tang and
	Qi Liu and
	Qiu Cui},
	editor       = {Irina Calciu and
	Geoff Kuenning},
	title        = {Differentiated Key-Value Storage Management for Balanced {I/O} Performance},
	booktitle    = {Proceedings of the 2021 {USENIX} Annual Technical Conference, {USENIX}
	{ATC} 2021, July 14-16, 2021},
	pages        = {673--687},
	publisher    = {{USENIX} Association},
	year         = {2021},
	url          = {https://www.usenix.org/conference/atc21/presentation/li-yongkun},
	timestamp    = {Tue, 16 Jul 2024 09:12:32 +0200},
	biburl       = {https://dblp.org/rec/conf/usenix/LiLLWXWTLC21.bib},
	bibsource    = {dblp computer science bibliography, https://dblp.org}
}

@inproceedings{DBLP:conf/usenix/ImBCAL20,
	author       = {Junsu Im and
	Jinwook Bae and
	Chanwoo Chung and
	Arvind and
	Sungjin Lee},
	editor       = {Ada Gavrilovska and
	Erez Zadok},
	title        = {PinK: High-speed In-storage Key-value Store with Bounded Tails},
	booktitle    = {Proceedings of the 2020 {USENIX} Annual Technical Conference, {USENIX}
	{ATC} 2020, July 15-17, 2020},
	pages        = {173--187},
	publisher    = {{USENIX} Association},
	year         = {2020},
	url          = {https://www.usenix.org/conference/atc20/presentation/im},
	timestamp    = {Tue, 16 Jul 2024 09:12:32 +0200},
	biburl       = {https://dblp.org/rec/conf/usenix/ImBCAL20.bib},
	bibsource    = {dblp computer science bibliography, https://dblp.org}
}

@inproceedings{DBLP:conf/fast/ZhangWCXYHZH0CH20,
	author       = {Teng Zhang and
	Jianying Wang and
	Xuntao Cheng and
	Hao Xu and
	Nanlong Yu and
	Gui Huang and
	Tieying Zhang and
	Dengcheng He and
	Feifei Li and
	Wei Cao and
	Zhongdong Huang and
	Jianling Sun},
	editor       = {Sam H. Noh and
	Brent Welch},
	title        = {FPGA-Accelerated Compactions for LSM-based Key-Value Store},
	booktitle    = {18th {USENIX} Conference on File and Storage Technologies, {FAST}
	2020, Santa Clara, CA, USA, February 24-27, 2020},
	pages        = {225--237},
	publisher    = {{USENIX} Association},
	year         = {2020},
	url          = {https://www.usenix.org/conference/fast20/presentation/zhang-teng},
	timestamp    = {Sun, 06 Aug 2023 20:51:44 +0200},
	biburl       = {https://dblp.org/rec/conf/fast/ZhangWCXYHZH0CH20.bib},
	bibsource    = {dblp computer science bibliography, https://dblp.org}
}

@inproceedings{DBLP:conf/fast/ChenRLMX21,
	author       = {Hao Chen and
	Chaoyi Ruan and
	Cheng Li and
	Xiaosong Ma and
	Yinlong Xu},
	editor       = {Marcos K. Aguilera and
	Gala Yadgar},
	title        = {SpanDB: {A} Fast, Cost-Effective LSM-tree Based {KV} Store on Hybrid
	Storage},
	booktitle    = {19th {USENIX} Conference on File and Storage Technologies, {FAST}
	2021, February 23-25, 2021},
	pages        = {17--32},
	publisher    = {{USENIX} Association},
	year         = {2021},
	url          = {https://www.usenix.org/conference/fast21/presentation/chen-hao},
	timestamp    = {Fri, 04 Nov 2022 07:49:06 +0100},
	biburl       = {https://dblp.org/rec/conf/fast/ChenRLMX21.bib},
	bibsource    = {dblp computer science bibliography, https://dblp.org}
}

@inproceedings{zhou2024gpu,
	title={A gpu-accelerated compaction strategy for lsm-based key-value store system},
	author={Zhou, Hao and Chen, Yuanhui and Cui, Lixiao and Wang, Gang and Liu, Xiaoguang},
	booktitle={The 38th International Conference on Massive Storage Systems and Technology},
	pages={1--11},
	year={2024}
}

@article{DBLP:journals/taco/DingZLLXWZ24,
	author       = {Chen Ding and
	Jian Zhou and
	Kai Lu and
	Sicen Li and
	Yiqin Xiong and
	Jiguang Wan and
	Ling Zhan},
	title        = {D\({}^{\mbox{2}}\)Comp: Efficient Offload of LSM-tree Compaction with
	Data Processing Units on Disaggregated Storage},
	journal      = {{ACM} Trans. Archit. Code Optim.},
	volume       = {21},
	number       = {3},
	pages        = {46:1--46:22},
	year         = {2024},
	url          = {https://doi.org/10.1145/3656584},
	doi          = {10.1145/3656584},
	timestamp    = {Wed, 06 Nov 2024 22:18:32 +0100},
	biburl       = {https://dblp.org/rec/journals/taco/DingZLLXWZ24.bib},
	bibsource    = {dblp computer science bibliography, https://dblp.org}
}

@article{DBLP:journals/pacmmod/MoLWL25,
	author       = {Dingheng Mo and
	Junfeng Liu and
	Fan Wang and
	Siqiang Luo},
	title        = {Aster: Enhancing LSM-structures for Scalable Graph Database},
	journal      = {Proc. {ACM} Manag. Data},
	volume       = {3},
	number       = {1},
	pages        = {12:1--12:26},
	year         = {2025},
	url          = {https://doi.org/10.1145/3709662},
	doi          = {10.1145/3709662},
	timestamp    = {Tue, 08 Apr 2025 20:24:31 +0200},
	biburl       = {https://dblp.org/rec/journals/pacmmod/MoLWL25.bib},
	bibsource    = {dblp computer science bibliography, https://dblp.org}
}

